<record><leader>00000cas a2200000 a 4500</leader><controlfield tag="001">11417564</controlfield><controlfield tag="008">841124d19531955hiumr ne      0    0eng d</controlfield><controlfield tag="009">1918</controlfield><datafield ind1=" " ind2=" " tag="010"><subfield code="a">sn 84045320 </subfield></datafield><datafield ind1=" " ind2=" " tag="040"><subfield code="a">HUH</subfield><subfield code="b">eng</subfield><subfield code="c">HUH</subfield><subfield code="d">HWN</subfield><subfield code="d">OCL</subfield></datafield><datafield ind1=" " ind2=" " tag="042"><subfield code="a">msc</subfield></datafield><datafield ind1=" " ind2=" " tag="043"><subfield code="a">n-us-hi</subfield></datafield><datafield ind1=" " ind2=" " tag="090"><subfield code="a">AN2</subfield><subfield code="b">.W55</subfield></datafield><datafield ind1="0" ind2="0" tag="245"><subfield code="a">Windward living.</subfield></datafield><datafield ind1=" " ind2=" " tag="260"><subfield code="a">Lanikai [Kailua], Oahu :</subfield><subfield code="b">s.n.,</subfield><subfield code="c">1953-1955.</subfield></datafield><datafield ind1=" " ind2=" " tag="300"><subfield code="a">2 v. :</subfield><subfield code="b">ill. ;</subfield><subfield code="c">35 cm.</subfield></datafield><datafield ind1=" " ind2=" " tag="310"><subfield code="a">Monthly</subfield></datafield><datafield ind1="0" ind2=" " tag="362"><subfield code="a">Vol. 1, no. 1 (Nov. 1953)-v. 2, no. 8 (June 1955).</subfield></datafield><datafield ind1=" " ind2=" " tag="500"><subfield code="a">Editor: A.J. Buisseret.</subfield></datafield><datafield ind1=" " ind2="0" tag="651"><subfield code="a">Windward Oahu Region (Hawaii)</subfield><subfield code="v">Periodicals.</subfield></datafield><datafield ind1="1" ind2=" " tag="700"><subfield code="a">Buisseret, Alice J.</subfield></datafield><datafield ind1=" " ind2=" " tag="752"><subfield code="a">United States</subfield><subfield code="b">Hawaii</subfield><subfield code="c">Honolulu</subfield><subfield code="d">Kailua.</subfield></datafield></record>